@misc{metasploit-unleashed,
    howpublished = {\url{https://www.offensive-security.com/metasploit-unleashed}},
    author = {\relax{Offensive Securtiy}},
    title = {\relax{Metasploit Unleashed}}
}

@misc{metasploitable-guide,
    howpublished = {\url{https://metasploit.help.rapid7.com/docs/metasploitable-2-exploitability-guide}},
    author = {\relax{Rapid7}},
    title = {\relax{Metasploitable 2 Exploitability Guide}}
}

@misc{metasploitable-vnc,
    howpublished = {\url{https://saiyanpentesting.com/metasploitable-vnc/}},
    author = {\relax{Saiyan Pentesting}},
    title = {\relax{Hacking VNS in Metasploitable 2}},
    month = {Mar},
    year = {2019},
}

@misc{kali-site,
    howpublished = {\url{https://www.kali.org}},
    author = {\relax{Kali.org}},
    title = {\relax{Kali Linux}}
}

@misc{metasploit-site,
    howpublished = {\url{https://www.metasploit.com/}},
    author = {\relax{Rapid7}},
    title = {Metasploit}
}

@misc{metasploitable-site,
    howpublished = {\url{https://docs.rapid7.com/metasploit/metasploitable-2/}},
    author = {\relax{rapid7}},
    title = {\relax{Metasploitable | Metasploit Documentation}}
}

@misc{virtualbox-site,
    howpublished = {\url{https://www.virtualbox.org}},
    author = {\relax{Virtualbox.org}},
    title = {\relax{Oracle VM VirtualBox}}
}

@misc{metasploit-github,
    howpublished = {\url{https://github.com/rapid7/metasploit-framework}},
    author = {Rapid7},
    title = {GitHub - rapid7/metasploit-framework: Metasploit Framework}
}

@misc{pentest-standard,
    howpublished = {\url{http://www.pentest-standard.org}},
    author = {Penetration Testing Execution Standard},
    title = {The Penetration Testing Execution Standard},
    month = {August},
    year = {2014}
}

@book{metasploit-penetration,
  title={Metasploit: The Penetration Tester's Guide},
  author={Kennedy, David and O'gorman, Jim and Kearns, Devon and Aharoni, Mati},
  year={2011},
  publisher={No Starch Press, Inc}
}

@book{mastering-metasploit,
  title={Mastering Metasploit: Take your penetration testing and IT security skills to a whole new level with the secrets of Metasploit, 3rd Edition},
  edition={3},
  author={Jaswal, Nipun},
  year={2018},
  publisher={Packt Publishing Ltd}
}

@misc{webside,
    howpublished = {\url{http://example.com}},
    author = {Intel},
    title = {Example Website},
    month = {Dec},
    year = {1988},
    note = {Accessed on 2012-11-11}
}


https://github.com/rapid7/metasploit-framework/wiki/Exploit-Ranking